%% LaTeX2e file `refs.bib'
%% generated by the `filecontents' environment
%% from source `rings-vs-fields' on 2015/06/19.
%%
@online{mathse,
author = {Arturo Magidin},
title  = {Question: "what is difference between a ring and a field"},
date   = {2012-05},
url    = {http://math.stackexchange.com/a/141255/249083}
}
