@incollection{joux,
year={2014},
isbn={978-3-319-10682-3},
booktitle={Open Problems in Mathematics and Computational Science},
editor={Koc, Cetin Kaya},
doi={10.1007/978-3-319-10683-0_2},
title={The Past, Evolving Present, and Future of the Discrete Logarithm},
url={http://dx.doi.org/10.1007/978-3-319-10683-0_2},
publisher={Springer International Publishing},
author={Joux, Antoine and Odlyzko, Andrew and Pierrot, Cecile},
pages={5-36},
language={English}
}
